@inproceedings{ReferenceName,
  title={XXX XXX XXX XXX},
  author={XXXX X. X. and XXXX X. XXXX},
  booktitle={XXXX XXXX},
  year={2020}
}

